@misc{Qiu2015,
author = {Qiu, Linan},
note = {url: https://github.com/linanqiu/word2vec-sentiments/blob/master/word2vec-sentiment.ipynb, Last visited 2016-07-08},
title = {{Sentiment Analysis using Doc2Vec}},
url = {https://github.com/linanqiu/word2vec-sentiments/blob/master/word2vec-sentiment.ipynb},
urldate = {2016-07-08},
year = {2015}

}
@misc{Chapman2014,
author = {Chapman, Angela},
note = {url: https://www.kaggle.com/c/word2vec-nlp-tutorial/details/part-2-word-vectors, Last visited 2016-07-08},
title = {{Introducing Distributed Word Vectors}},
url = {https://www.kaggle.com/c/word2vec-nlp-tutorial/details/part-2-word-vectors},
urldate = {2016-07-08},
year = {2014}
}
